2838 4130
1053 364 1399 414 omri-ms
1439 365 1550 423 vr,
1585 365 1699 414 vn.
2298 344 2384 414 11

376 552 537 614 quae
588 553 714 594 non
763 531 927 595 odiis
975 538 1041 593 et
1088 533 1370 595 discidiis
1428 532 1720 594 funditus
1774 532 1979 611 possit
2031 530 2231 593 everti
2248 532 2283 593 ’ἵ

373 632 472 691 Ex
506 650 648 709 quo,
678 635 986 710 quantum
1019 630 1170 691 boni
1202 630 1288 691 sit
1321 630 1390 689 in
1424 630 1721 706 amicitia,
1751 628 2019 691 iudicari
2055 633 2281 709 potest.

374 728 470 788 24.
531 727 1021 804 Agrigentinum
1077 727 1334 806 quidem
1392 727 1645 787 doctum
1706 726 2017 805 quendam
2076 726 2283 788 virum

372 824 755 885 carminibus
805 825 1062 886 Graecis
1107 824 1523 884 vaticinatum
1577 823 1813 899 ferunt,
1859 842 2019 902 quae
2079 823 2148 884 in
2196 842 2286 884 re-

372 942 513 981 rum
540 927 768 981 natura
799 927 1056 999 totoque
1093 921 1325 981 mundo
1359 925 1736 996 constarent,
1766 938 2050 999 quaeque
2084 938 2287 981 move-
2354 933 2386 981 ὅ

371 1023 608 1093 rentur,
638 1036 714 1077 ea
745 1017 1109 1077 contrahere
1143 1017 1508 1092 amicitiam,
1543 1017 1853 1100 dissipare
1887 1017 2282 1078 discordiam.

371 1114 587 1192 Atque
627 1113 745 1174 hoc
789 1114 1045 1192 quidem
1088 1132 1303 1175 omnes
1347 1113 1646 1175 mortales
1690 1118 1756 1173 et
1797 1113 2179 1191 intellegunt
2221 1118 2286 1175 et

371 1230 442 1271 re
474 1211 758 1290 probant.
844 1211 1088 1289 Itaque,
1119 1211 1175 1271 si
1208 1210 1460 1289 quando
1497 1210 1756 1289 aliquod
1793 1210 2062 1271 officium
2100 1210 2288 1273 exsti·

372 1307 459 1368 tit
486 1307 673 1367 amici
700 1306 769 1367 in
794 1307 1092 1386 periculis
1122 1313 1232 1368 aut
1258 1308 1565 1369 adeundis
1593 1312 1705 1368 aut
1734 1307 2285 1383 communicandis,

373 1404 520 1482 quis
557 1409 673 1479 est,
712 1405 824 1483 qui
862 1405 930 1464 id
965 1423 1094 1465 non
1133 1405 1429 1466 maximis
1472 1404 1695 1465 efferat
1735 1404 2027 1465 laudibus
2046 1407 2079 1465 ⁴?
2163 1403 2288 1475 Qui
2330 1417 2390 1466 ιο

373 1501 677 1561 clamores
720 1506 856 1562 tota
899 1519 1090 1561 cavea
1136 1520 1336 1579 nuper
1378 1502 1448 1560 in
1495 1501 1767 1579 hospitis
1814 1507 1880 1562 et
1926 1501 2114 1562 amici
2161 1499 2287 1560 mei

374 1599 464 1657 M.
515 1597 753 1658 Pacuvi
808 1616 974 1658 nova
1026 1598 1279 1659 fabula!
1351 1617 1492 1658 cum
1548 1598 1878 1675 ignorante
1929 1615 2091 1673 rege,
2145 1602 2288 1658 uter

376 1694 633 1756 Orestes
688 1700 872 1771 esset,
921 1694 1196 1774 Pylades
1253 1695 1538 1755 Orestem
1597 1713 1662 1755 se
1718 1712 1853 1756 esse
1908 1694 2162 1770 diceret,
2214 1699 2289 1754 ut

383 1810 491 1870 pro
538 1790 652 1852 illo
698 1796 1043 1867 necaretur,
1087 1792 1340 1853 Orestes
1385 1796 1615 1866 autem,
1659 1791 1749 1851 ita
1795 1796 1869 1851 ut
1916 1795 2068 1866 erat,
2112 1791 2289 1853 Ores-

380 1894 507 1948 tem
567 1906 635 1949 se
695 1906 831 1949 esse
893 1893 1336 1967 perseveraret.
1460 1888 1712 1948 Stantes
1775 1887 2161 1966 plaudebant
2220 1888 2289 1947 in
2331 1901 2389 1948 15

381 2003 445 2044 re
497 1984 683 2061 ficta3
747 1984 902 2062 quid
957 1984 1332 2046 arbitramur
1380 1983 1447 2043 in
1496 2003 1648 2044 vera
1700 1985 1979 2046 facturos
2033 1984 2236 2045 fuisse
2255 1986 2288 2045 Τ

382 2082 589 2142 Facile
623 2082 944 2143 indicabat
978 2082 1118 2161 ipsa
1148 2087 1374 2142 natura
1410 2081 1540 2142 vim
1578 2100 1773 2157 suam,
1802 2100 1946 2142 cum
1982 2081 2287 2157 homines,

377 2179 547 2256 quod
583 2180 790 2239 facere
831 2179 961 2257 ipsi
1002 2197 1129 2239 non
1169 2185 1445 2257 possent,
1481 2179 1551 2238 id
1590 2184 1760 2239 recte
1800 2177 1940 2239 fieri
1981 2178 2051 2238 in
2091 2179 2290 2239 altero

379 2276 746 2336 iudicarent.

459 2373 789 2433 Hactenus
838 2372 999 2432 mihi
1046 2372 1264 2433 videor
1312 2372 1390 2432 de
1448 2371 1729 2432 amicitia
1782 2371 1935 2451 quid
1991 2373 2290 2434 sentirem
2332 2387 2391 2434 2⁰

379 2469 659 2548 potuisse
701 2469 942 2545 dicere;
994 2469 1049 2530 si
1091 2488 1217 2548 qua
1257 2474 1582 2548 praeterea
1628 2473 1777 2529 sunt
1820 2469 2032 2548 (credo
2080 2475 2288 2530 autem

379 2585 515 2627 esse
556 2565 806 2647 multa),
850 2566 929 2627 ab
976 2567 1087 2643 eis,
1131 2567 1187 2627 si
1226 2565 1564 2641 videbitur,
1608 2565 1720 2643 qui
1767 2565 1894 2626 ista
1940 2565 2289 2644 disputant,

381 2662 749 2742 quaeritote.

458 2758 558 2822 25.
614 2762 913 2820 Fannius.
971 2760 1109 2820 Nos
1153 2764 1358 2820 autem
1411 2777 1450 2819 a
1495 2764 1559 2819 te
1608 2758 1853 2837 potius;
1911 2778 2291 2836 quamquam

379 2856 572 2917 etiam
620 2857 699 2917 ab
742 2856 886 2917 istis
932 2875 1117 2934 saepe
1161 2855 1448 2933 quaesivi
1497 2861 1563 2916 et
1610 2856 1827 2917 audivi
1875 2874 2002 2916 non
2049 2855 2290 2918 invitus
2332 2871 2391 2918 25

378 2953 706 3031 equidem3
762 2953 875 3013 s'ed
916 2952 1092 3013 aliud
1119 2953 1434 3030 quoddam
1476 2951 1658 3012 filum
1697 2952 1998 3013 orationis
2040 2958 2203 3013 tuae.

459 3050 767 3111 Scaevola.
826 3050 988 3109 Tum
1020 3049 1221 3125 magis
1260 3049 1329 3108 id
1365 3049 1624 3125 diceres,
1653 3049 1876 3124 Fanni,
1908 3049 1962 3109 si
1994 3068 2194 3127 nuper
2223 3049 2291 3109 in

377 3146 580 3206 hortis
627 3146 958 3224 Scipionis,
1002 3164 1142 3206 cum
1187 3151 1285 3206 est
1334 3145 1411 3205 de
1461 3163 1528 3205 re
1576 3145 1832 3223 publica
1877 3144 2288 3223 disputatum,

379 3243 709 3304 adfuisses.
793 3242 1013 3314 Qualis
1053 3247 1191 3303 tum
1232 3246 1535 3320 patronus
1578 3240 1859 3302 iustitiae
1902 3242 2031 3301 fuit
2074 3247 2292 3304 contra

379 3344 729 3400 accuratam
761 3340 1106 3400 orationem
1134 3338 1344 3399 Phili!
1999 3372 2002 3375 ι
2330 3352 2387 3400 ³⁰

458 3438 755 3498 Fannius.
811 3436 1025 3498 Facile
1052 3436 1122 3497 id
1149 3435 1403 3515 quidem
1432 3433 1579 3512 fuit,
1601 3433 1914 3496 iustitiam
1941 3433 2290 3498 iustissimo

378 3533 517 3597 viro
543 3533 900 3595 defendere.
