2838 4130
997 306 1342 357 cmm-ms
1384 308 1595 367 xvm..
1635 307 1777 357 m.
2309 296 2394 361 29

375 477 674 555 animum,
722 484 837 540 aut
883 478 1077 540 etiam
1124 481 1419 559 optanda,
1465 480 1520 541 si
1570 479 1784 558 aliquo
1824 499 1966 540 eum
2012 479 2288 557 deducit,

373 574 482 635 ubi
512 575 600 636 sit
626 575 883 637 futurus
905 581 1215 638 aeternus.
1287 576 1385 638 67.
1431 577 1635 655 Atqui
1657 576 1913 637 tertium
1937 584 2105 638 certe
2125 576 2289 637 nihil

375 670 649 732 inveniri
684 678 930 750 potest3
979 673 1137 752 quid
1176 673 1371 751 igitur
1398 673 1677 749 timeam,
1708 674 1763 735 si
1800 679 1913 734 aut
1945 692 2071 733 non
2098 674 2290 735 miser

374 773 519 846 post
558 775 823 830 mortem
864 775 978 830 aut
1016 770 1240 831 beatus
1280 770 1475 831 etiam
1508 770 1764 831 futurus
1794 790 1932 832 sum
1951 773 1984 830 ?
2065 770 2290 841 Quam·

374 883 563 942 quam
590 865 735 944 quis
763 871 864 927 est
888 871 1022 927 tam
1051 867 1304 943 stultus,
1335 867 1627 946 quamvis
1656 866 1742 927 sit
1768 866 2155 941 adulescens,
2185 867 2288 927 cui
2362 879 2392 926 a

374 961 461 1022 sit
499 961 896 1040 exploratum
936 981 1004 1025 se
1033 964 1117 1024 ad
1141 982 1473 1042 vesperum
1502 981 1639 1025 esse
1667 963 1982 1024 victurum
2003 965 2035 1023 ⁴?
2120 963 2288 1034 Quin

373 1057 564 1119 etiam
591 1064 766 1122 aetas
794 1059 912 1120 illa
936 1059 1137 1121 multo
1164 1060 1378 1139 plures
1407 1079 1599 1139 quam
1625 1065 1844 1121 nostra
1863 1078 2044 1121 casus
2066 1060 2285 1122 mortis

372 1153 598 1233 habet3
649 1156 904 1219 facilius
943 1156 1014 1217 in
1053 1158 1301 1219 morbos
1343 1157 1636 1218 incidunt
1675 1155 2126 1232 adulescentes,
2157 1175 2288 1233 gra-

374 1251 516 1313 vius
557 1259 904 1330 aegrotant,
946 1254 1195 1316 tristius
1237 1260 1551 1315 curantur.
1637 1254 1864 1332 Itaque
1905 1253 2091 1332 pauci
2118 1253 2287 1314 veni·

373 1354 490 1409 unt
530 1349 617 1410 ad
653 1356 1076 1428 senectutem3
1127 1351 1295 1429 quod
1335 1350 1406 1411 ni
1447 1351 1541 1410 ita
1579 1350 1909 1425 accideret,
1952 1349 2179 1412 melius
2221 1357 2287 1412 et
2333 1365 2393 1413 ιο

371 1445 748 1524 prudentius
775 1447 1110 1508 viveretur.
1196 1448 1382 1509 Mens
1404 1447 1573 1507 enim
1596 1453 1662 1508 et
1683 1447 1845 1508 ratio
1865 1452 1931 1507 et
1951 1447 2286 1508 consilium

369 1541 439 1602 in
486 1542 742 1605 senibus
789 1549 922 1621 est;
980 1544 1092 1623 qui
1133 1544 1188 1606 si
1229 1543 1393 1604 nulli
1434 1543 1727 1619 fuissent,
1769 1542 1981 1604 nullae
2030 1544 2286 1604 omnino

371 1638 662 1701 civitates
683 1640 974 1702 fuissent.
1049 1641 1173 1702 Sed
1194 1641 1379 1701 redeo
1400 1641 1483 1701 ad
1503 1647 1767 1701 mortem
1797 1640 2280 1718 impendentem.

368 1736 551 1807 Quod
591 1742 691 1798 est
726 1737 903 1798 istud
941 1737 1181 1799 crimen
1223 1737 1586 1811 senectutis,
1616 1755 1757 1797 oum
1800 1737 1867 1796 id
1910 1736 1969 1795 ei
2014 1737 2283 1798 videatis

369 1850 511 1894 eum
551 1834 985 1895 adulescentia
1025 1853 1162 1896 esse
1203 1852 1530 1895 commune
1550 1837 1582 1894 ?
1704 1833 1803 1895 66.
1853 1832 2035 1893 Sensi
2069 1850 2184 1909 ego
2215 1832 2285 1892 in
2331 1851 2388 1897 15

369 1930 608 2008 optimo
635 1930 788 2007 filio,
818 1936 892 1991 tu
917 1931 986 1991 in
1013 1932 1394 2009 exspectatis
1423 1930 1505 1991 ad
1532 1929 1990 2008 amplissimam
2019 1928 2286 2004 dignita-

367 2031 497 2087 tem
524 2028 850 2105 fratribus,
880 2028 1109 2107 Scipio,
1138 2034 1403 2089 mortem
1433 2027 1605 2088 omni
1632 2027 1825 2088 aetati
1854 2043 1991 2087 esse
2017 2043 2286 2086 commu-

367 2143 527 2185 nem.
641 2126 735 2186 At
782 2131 993 2204 sperat
1048 2125 1417 2187 adulescens
1468 2123 1579 2184 diu
1628 2140 1694 2183 se
1737 2121 2071 2198 victurum,
2114 2118 2283 2199 quod

370 2239 622 2299 sperare
664 2221 833 2282 idem
881 2239 1076 2282 senex
1122 2239 1249 2280 non
1304 2224 1532 2299 potest.
1618 2218 2004 2296 Insipienter
2052 2223 2279 2296 sperat.

366 2317 534 2388 Quid
553 2317 724 2379 enim
745 2317 1007 2380 stultius
1028 2336 1219 2396 quam
1240 2317 1484 2377 incerta
1505 2333 1618 2393 pro
1641 2315 1831 2376 certis
1850 2315 2098 2388 habere,
2117 2313 2284 2375 falsa
2329 2330 2389 2378 20

367 2432 482 2492 pro
521 2414 692 2476 veris
709 2416 743 2475 ’.Ρ
824 2414 917 2475 At
958 2432 1149 2476 senex
1190 2432 1271 2474 ne
1313 2412 1483 2492 quod
1526 2417 1737 2489 speret
1778 2411 2033 2488 quidem
2070 2411 2280 2471 habet.

368 2510 459 2570 At
499 2516 598 2573 est
638 2529 712 2571 eo
752 2511 1009 2572 meliore
1049 2509 1414 2571 condicione
1463 2527 1655 2587 quam
1703 2508 2087 2581 adulescens,
2138 2525 2285 2584 quo-

369 2607 541 2667 niam
567 2607 653 2684 id,
683 2609 853 2686 quod
880 2607 990 2667 ille
1020 2612 1249 2686 sperat,
1279 2606 1383 2666 hic
1412 2611 1782 2665 consecutus
1824 2610 1955 2680 est;
2004 2604 2115 2663 ille
2142 2603 2283 2663 vult

369 2702 479 2764 diu
513 2704 742 2780 vivere,
771 2704 876 2765 hic
913 2704 1026 2765 diu
1052 2704 1230 2764 vixit.
1316 2702 1414 2765 69.
1461 2702 1870 2780 Quamquam,
1910 2720 1947 2760 o
1989 2700 2056 2760 di
2096 2699 2279 2760 boni!

369 2800 524 2877 quid
566 2807 664 2862 est
704 2801 771 2860 in
811 2801 1087 2862 hominis
1127 2806 1356 2860 natura
1396 2799 1509 2860 diu
1527 2801 1560 2859 ’.Ρ
1643 2799 1746 2859 Da
1772 2798 1935 2858 enim
1970 2815 2281 2857 summum
2328 2811 2387 2859 25

368 2901 637 2975 tempus,
667 2904 1100 2977 exspectemus
1137 2896 1600 2958 Tartessiorum
1628 2895 1794 2973 regis
1824 2899 2093 2955 aetatem
2126 2891 2283 2972 (fuit

371 2994 558 3070 enim,
588 2999 661 3054 ut
703 2995 1007 3073 scriptum
1037 2994 1241 3070 vide0,
1272 2992 1749 3069 Arganthonius
1792 2990 2050 3069 quidam
2093 2989 2282 3050 Gradi-

369 3089 505 3166 bus,
561 3090 674 3169 qui
734 3093 1055 3168 octoginta
1114 3090 1404 3166 regnavit
1466 3108 1681 3166 annos,
1739 3094 1993 3148 centum
2049 3086 2282 3162 viginti

369 3186 559 3269 vixit)
577 3222 661 3233 -
677 3188 790 3249 sed
848 3188 1008 3248 mihi
1068 3205 1149 3247 ne
1210 3186 1579 3247 diuturnum
1636 3185 1891 3264 quidem
1947 3183 2283 3263 quicquam

369 3282 638 3362 videtur,
668 3284 738 3344 in
779 3304 903 3364 quo
945 3290 1043 3345 est
1084 3283 1329 3362 aliquid
1370 3291 1740 3343 extremum.
1827 3281 1985 3343 Cum
2017 3281 2187 3341 enim
2214 3279 2282 3340 id
2328 3293 2384 3341 ³⁰

373 3380 645 3457 advenit,
688 3387 825 3441 tum
866 3381 1049 3455 illud,
1093 3380 1264 3459 quod
1304 3378 1648 3458 praeteriit,
1693 3377 1975 3455 effluxit;
2032 3383 2282 3439 tantum

372 3483 666 3554 remanet,
701 3478 870 3556 quod
911 3477 1149 3538 virtute
1191 3483 1257 3537 et
1298 3482 1465 3538 recte
1507 3473 1698 3537 factis
1738 3479 2109 3536 consecutus
2153 3474 2279 3550 sis3
