2838 4130
434 342 519 410 12
1057 357 1344 408 LAans
1380 358 1476 405 ΒΕ
1513 354 1825 406 mortu

612 528 921 590 Scaevola.
979 526 1147 599 Quid
1167 527 1200 586 ?
1243 524 1590 587 amicitiam
1624 542 1834 585 nonne
1869 522 2062 585 facile
2100 522 2177 600 ei,
2213 523 2348 603 qui⁴
2364 523 2445 586 ob

531 643 668 686 eam
691 643 935 686 summa
961 622 1104 699 fide,
1127 621 1486 684 constantia
1511 621 1882 700 iustitiaque
1911 626 2225 683 servatam
2252 621 2445 682 maxi-

529 740 697 783 mam
727 720 992 797 gloriam
1019 720 1258 799 ceperit
1277 722 1309 781 ⁴?

609 819 800 881 VIII.
870 817 968 880 26.
1032 819 1301 879 Laelius.
1358 815 1508 879 Vim
1562 813 1683 876 hoc
1736 814 1993 894 quidem
2048 820 2147 877 est
2198 815 2441 877 afferre.

427 928 458 973 5
530 915 697 987 Quid
742 914 912 975 enim
963 914 1178 990 refert,
1229 932 1358 992 qua
1408 930 1511 973 me
1564 910 1809 973 ratione
1863 912 2103 989 cogatis
2122 914 2154 973 ⁴?
2216 912 2443 988 cogitis

528 1017 715 1073 certe.
830 1011 1076 1073 Studiis
1136 1010 1308 1071 enim
1368 1027 1757 1087 generorum,
1814 1009 2186 1087 praesertim
2245 1008 2315 1069 in
2373 1028 2442 1070 re

528 1109 710 1185 bona,
754 1126 899 1169 cum
946 1106 1202 1169 difficile
1248 1111 1366 1183 est,
1408 1112 1548 1167 tum
1593 1123 1676 1166 ne
1721 1123 1993 1183 aequum
2041 1105 2294 1184 quidem
2342 1106 2445 1167 ob-

529 1206 768 1267 sistere.
2321 1250 2328 1258 .

524 1308 569 1336 ⁹²
610 1301 990 1382 Saepissime
1017 1300 1212 1378 igitur
1232 1299 1393 1360 mihi
1419 1298 1500 1360 de
1528 1296 1811 1361 amicitia
1835 1298 2142 1377 cogitanti
2168 1297 2441 1361 maxime

428 1413 487 1460 ιο
527 1399 692 1460 illud
734 1397 1256 1460 considerandum
1296 1395 1505 1457 videri
1548 1395 1727 1473 solet,
1772 1402 1987 1457 utrum
2033 1402 2291 1475 propter
2333 1396 2443 1456 im-

528 1495 940 1557 becillitatem
977 1499 1168 1572 atque
1203 1493 1487 1573 inopiam
1523 1492 1884 1554 desiderata
1918 1492 2006 1554 sit
2041 1492 2337 1569 amicitia,
2368 1498 2444 1554 ut

528 1592 754 1653 dandis
780 1590 1283 1670 recipiendisque
1310 1589 1577 1665 meritis,
1602 1589 1772 1667 quod
1799 1588 2066 1668 quisque
2094 1588 2301 1651 minus
2328 1608 2442 1668 per

528 1708 594 1750 se
638 1688 776 1768 ipse
820 1693 1051 1766 posset,
1094 1686 1163 1747 id
1206 1686 1519 1765 acciperet
1565 1686 1645 1747 ab
1693 1685 1819 1747 alio
1859 1685 2266 1764 vicissimque
2309 1686 2443 1747 red-

527 1786 723 1862 deret,
766 1804 848 1846 an
892 1789 1059 1845 esset
1105 1784 1223 1843 hoc
1271 1783 1531 1862 quidem
1578 1782 1903 1862 proprium
1950 1782 2286 1860 amicitiae,
2330 1784 2441 1844 sed

427 1896 484 1944 15
526 1881 846 1961 antiquior
873 1886 938 1942 et
969 1879 1290 1960 pulchrior
1318 1886 1383 1940 et
1413 1879 1617 1955 magis
1652 1898 1693 1940 a
1722 1885 1950 1940 natura
1981 1879 2124 1958 ipsa
2158 1880 2444 1958 profecta

526 1980 654 2040 alia
678 1997 884 2040 causa.
960 1977 1159 2037 Amor
1186 1977 1374 2052 enim,
1403 1995 1483 2036 ex
1510 1996 1636 2055 quo
1663 1975 1946 2037 amicitia
1970 1976 2296 2037 nominata
2322 1982 2438 2053 est,

525 2077 817 2156 princeps
859 2081 958 2137 est
998 2076 1080 2136 ad
1122 2074 1627 2136 benevolentiam
1670 2073 2183 2151 coniungendam.
2268 2074 2437 2135 Nam

524 2172 837 2234 utilitates
872 2172 1129 2250 quidem
1163 2171 1356 2232 etiam
1391 2171 1471 2232 ab
1504 2170 1597 2232 eis
1630 2170 2066 2249 percipiuntur
2093 2189 2297 2249 saepe,
2315 2162 2439 2255 (qui

525 2269 926 2331 simulatione
955 2268 1271 2330 amicitiae
1299 2268 1591 2328 coluntur
1612 2272 1677 2328 et
1703 2267 2116 2329 observantur
2135 2267 2438 2347 temporis

421 2381 484 2429 20
522 2385 728 2442 causa,
763 2365 833 2426 in
869 2365 1149 2426 amicitia
1184 2370 1395 2425 autem
1432 2364 1597 2425 nihil
1634 2364 1854 2425 fictum
1894 2369 2011 2440 est,
2045 2363 2209 2424 nihil
2251 2364 2439 2426 simu-

522 2463 724 2524 latum
761 2468 844 2538 et,
879 2462 1192 2542 quidquid
1233 2467 1349 2537 est,
1383 2461 1454 2522 id
1495 2467 1593 2522 est
1627 2479 1845 2521 verum
1889 2467 1954 2522 et
1990 2460 2435 2523 voluntarium.

522 2558 621 2623 27.
667 2559 1062 2637 Quapropter
1088 2577 1128 2618 a
1152 2563 1381 2619 natura
1412 2557 1572 2617 mihi
1598 2557 1853 2618 videtur
1880 2557 2093 2636 potius
2130 2576 2319 2636 quam
2356 2559 2438 2621 ab

520 2655 877 2732 indigentia
899 2661 1038 2716 orta
1063 2654 1363 2731 amicitia,
1385 2654 1811 2734 applicatione
1837 2653 2040 2730 magis
2066 2654 2266 2715 animi
2293 2673 2437 2716 cum

521 2753 793 2831 quodam
820 2770 1010 2814 sensu
1044 2751 1298 2813 amandi
1332 2771 1523 2830 quam
1556 2750 1954 2829 cogitatione,
1983 2756 2291 2829 quantum
2322 2751 2438 2812 illa

419 2865 478 2912 25
520 2869 620 2912 res
658 2848 960 2911 utilitatis
999 2853 1168 2910 esset
1203 2848 1513 2910 habitura.
1595 2847 1778 2921 Quod
1814 2846 2068 2926 quidem
2104 2848 2290 2926 quale
2332 2849 2435 2925 sit,

520 2946 713 3008 etiam
753 2947 824 3006 in
864 2944 1086 3007 bestiis
1129 2945 1506 3023 quibusdam
1547 2943 1968 3005 animadverti
2009 2949 2236 3023 potest,
2273 2964 2435 3023 quae

520 3062 599 3104 ex
636 3061 704 3104 se
739 3047 921 3103 natos
958 3042 1054 3102 ita
1087 3048 1304 3103 amant
1345 3042 1428 3102 ad
1468 3040 1781 3118 quoddam
1823 3046 2073 3120 tempus
2115 3047 2181 3102 et
2220 3042 2299 3102 ab
2342 3042 2434 3102 eis

519 3140 614 3200 ita
648 3144 958 3215 amantur,
992 3143 1066 3199 ut
1102 3138 1292 3200 facile
1333 3156 1548 3198 earum
1589 3155 1810 3200 sensus
1853 3144 2167 3216 appareat.
2252 3137 2435 3209 Quod

518 3235 586 3297 in
627 3236 882 3296 homine
923 3233 1126 3295 multo
1166 3239 1264 3296 est
1305 3234 1680 3309 evidentius,
1725 3233 1999 3313 primum
2044 3252 2124 3294 ex
2167 3252 2243 3294 ea
2284 3235 2435 3294 cari·

416 3348 477 3395 ³0
518 3338 670 3409 tate,
715 3351 875 3411 quae
924 3336 1022 3392 est
1075 3330 1242 3392 inter
1287 3337 1471 3392 natos
1525 3335 1591 3391 et
1644 3336 1956 3409 parentes,
2003 3349 2165 3409 quae
2220 3330 2433 3391 dirimi

516 3429 645 3492 nisi
682 3428 1046 3491 detestabili
1084 3429 1316 3490 scelere
1351 3447 1481 3488 non
1516 3432 1760 3506 potest3
1812 3427 2038 3488 deinde
2081 3446 2224 3488 cum
2266 3428 2434 3488 simi-

517 3525 599 3587 lis
648 3544 868 3588 sensus
922 3525 1175 3587 exstitit
1228 3525 1478 3600 amoris,
1527 3523 1585 3585 si
1638 3524 1918 3603 aliquem
1971 3524 2142 3586 nacti
2197 3544 2430 3602 sumus,
