2838 4130
379 1452 439 1499 10

379 1938 438 1984 15

1005 399 1292 449 LAELIUS
1328 399 1421 446 DE
1463 398 1772 447 AMICITIA

477 565 805 627 hominum
836 566 940 626 vel
979 567 1314 628 admiratio
1346 567 1450 627 vel
1489 567 1762 646 querela.
1888 566 1944 629 3.
1991 567 2221 646 Itaque
2258 572 2395 630 tum

480 663 781 724 Scaevola
805 682 949 723 cum
982 664 1052 723 in
1085 682 1224 724 eam
1257 665 1463 743 ipsam
1498 664 1883 724 mentionem
1919 664 2268 743 incidisset,
2298 685 2399 725 ex-

478 759 692 839 posuit
723 761 905 822 nobis
943 780 1292 822 sermonem
1326 761 1507 822 Laeli
1544 761 1620 821 de
1658 761 1955 837 amicitia,
1989 761 2279 822 habitum
2316 762 2396 823 ab

479 856 592 917 illo
620 875 831 917 secum
859 863 924 918 et
951 877 1094 918 cum
1123 858 1321 918 altero
1356 876 1602 934 genero,
1634 859 1700 919 C.
1732 858 1976 919 Fannio
2009 859 2210 919 Marci
2240 859 2396 937 filio,

479 953 696 1032 paucis
742 954 961 1015 diebus
1007 960 1152 1033 post
1197 960 1462 1015 mortem
1503 954 1813 1015 Africani.
1912 956 2070 1015 Eius
2120 956 2398 1035 disputa-

478 1051 673 1112 tionis
723 1051 1068 1113 sententias
1117 1051 1453 1112 memoriae
1501 1051 1813 1128 mandavi,
1864 1070 2019 1130 quas
2069 1053 2187 1113 hoc
2235 1052 2396 1114 libro

479 1148 745 1226 exposui
785 1149 1098 1210 arbitratu
1140 1167 1313 1227 meo;
1370 1147 1568 1227 quasi·
1602 1148 1770 1209 enim
1818 1148 1990 1227 ipsos
2038 1148 2263 1209 induxi
2310 1149 2397 1209 lo-

479 1251 763 1323 quentes,
805 1264 886 1305 ne
931 1251 948 1283 ‘
969 1250 1224 1322 inquam
1244 1245 1261 1277 '
1308 1250 1373 1306 et
1419 1250 1437 1282 ‘
1456 1249 1656 1322 inquit
1675 1245 1692 1278 '
1736 1246 1988 1324 saepius
2044 1245 2399 1324 interpone-

478 1348 671 1417 retur,
699 1348 889 1421 atque
923 1349 997 1403 ut
1028 1348 1351 1421 tamquam
1389 1361 1429 1403 a
1464 1341 1898 1421 praesentibus
1932 1361 2139 1403 coram
2177 1342 2397 1403 haberi

480 1457 684 1499 sermo
709 1440 1048 1500 videretur.

557 1534 617 1596 4.
676 1537 835 1597 Cum
876 1537 1045 1596 enim
1089 1554 1274 1615 saepe
1315 1554 1561 1596 mecum
1601 1554 1837 1613 ageres,
1874 1541 1949 1595 ut
1991 1536 2069 1596 de
2114 1536 2395 1597 amicitia

480 1632 814 1693 scriberem
843 1633 1101 1711 aliquid,
1133 1633 1326 1710 digna
1358 1632 1518 1692 mihi
1555 1651 1655 1694 res
1693 1652 1835 1693 cum
1873 1633 2154 1693 omnium.
2190 1633 2397 1711 cogni-

478 1730 668 1806 tione,
708 1735 843 1790 tum
886 1736 1102 1791 nostra
1141 1729 1581 1791 familiaritate
1622 1728 1763 1790 visa
1802 1735 1913 1791 est.
2000 1730 2227 1808 Itaque
2267 1729 2394 1790 feci

479 1845 607 1887 non
636 1827 898 1902 invitus,
927 1833 1001 1887 ut
1033 1827 1397 1908 prodessem
1432 1826 1649 1888 multis
1688 1831 1910 1902 rogatu
1947 1832 2076 1888 tuo.
2123 1845 2127 1850 ·
2160 1827 2287 1894 Sed
2321 1831 2395 1887 ut

479 1924 548 1984 in
582 1925 817 1986 Catone
852 1909 1109 1999 Maiore,
1140 1924 1251 2002 qui
1284 1909 1383 1984 est
1417 1924 1690 2001 scriptus
1724 1923 1807 1983 ad
1840 1929 1904 1984 te
1938 1923 2014 1984 de
2053 1929 2391 1999 senectute,
2455 1922 2461 1926 ⁴

480 2022 782 2084 Catonem
820 2021 1043 2082 induxi
1081 2039 1295 2081 senem
1335 2020 1788 2099 disputantem,
1823 2020 1975 2098 quia
2014 2020 2192 2081 nulla
2228 2020 2396 2080 vide-

481 2119 665 2179 batur
706 2118 912 2196 aptior
953 2136 1237 2196 persona,
1280 2135 1442 2196 quae
1487 2117 1565 2177 de
1610 2116 1726 2176 illa
1768 2123 1975 2178 aetate
2014 2117 2391 2195 loqueretur,

480 2234 671 2292 quam
708 2215 860 2290 eius,
891 2214 1002 2293 qui
1040 2221 1104 2275 et
1142 2214 1498 2275 diutissime
1536 2233 1728 2275 senex
1768 2214 1999 2275 fuisset
2039 2220 2104 2274 et
2145 2214 2214 2272 in
2254 2213 2396 2292 ipsa

481 2316 800 2372 senectute
824 2316 1089 2389 praeter
1129 2316 1368 2372 ceteros
1412 2310 1749 2386 floruisset,
1793 2310 1901 2386 sic,
1944 2327 2086 2370 cum
2130 2309 2395 2388 accepis-

480 2426 689 2469 semus
734 2426 773 2468 a
814 2408 1100 2486 patribus
1149 2407 1422 2468 maxime
1469 2407 1939 2468 memorabilem
1987 2408 2056 2468 C.
2101 2406 2281 2467 Laeli
2328 2411 2394 2467 et

479 2506 549 2565 P.
589 2503 902 2583 Scipionis
943 2504 1443 2565 familiaritatem
1489 2504 1706 2580 fuisse,
1745 2504 1973 2589 idonea
2013 2503 2174 2562 mihi
2216 2502 2393 2563 Laeli

478 2619 748 2680 persona
778 2601 917 2662 visa
950 2606 1066 2677 est,
1101 2619 1262 2679 quae
1305 2602 1382 2661 de
1426 2601 1706 2661 amicitia
1745 2619 1821 2660 ea
1859 2600 2001 2678 ipsa
2037 2600 2390 2675 dissereret,

479 2717 640 2777 quae
695 2697 1020 2777 disputata
1066 2698 1145 2758 ab
1193 2716 1267 2758 eo
1314 2697 1707 2758 meminisset
1764 2696 2076 2757 Scaevola.
2125 2706 2132 2719 ¹
2179 2697 2393 2758 Genus

479 2802 690 2857 autem
731 2795 853 2855 hoc
895 2812 1250 2855 sermonum
1299 2794 1576 2872 positum
1625 2794 1693 2852 in
1741 2793 2067 2861 hominum
2107 2772 2394 2854 {etei-um

479 2891 872 2968 auctoritate,
902 2897 967 2951 et
994 2910 1204 2951 eorum
1235 2890 1603 2965 illustrium,
1632 2889 1777 2968 plus
1807 2890 2018 2951 nescio
2051 2909 2177 2968 quo
2210 2895 2395 2969 pacto

478 2989 731 3049 videtur
766 2988 995 3048 habere
1032 2987 1364 3065 gravitatis
1383 3009 1411 3062 3,
1451 2987 1666 3065 itaque
1706 2986 1843 3065 ipse
1879 3005 2021 3047 mea
2052 2986 2268 3064 legens
2302 2985 2395 3047 sic

480 3085 712 3146 afficior
759 3085 1095 3159 interdum,
1140 3090 1215 3144 ut
1262 3074 1583 3158 Cat‘onem,
1627 3101 1755 3142 non
1805 3102 1902 3143 me
1950 3083 2126 3162 loqui
2181 3083 2396 3144 existi-

479 3168 662 3242 mem.
790 3181 846 3243 5.
893 3181 1018 3242 Sed
1054 3185 1127 3240 ut
1162 3185 1299 3239 tum
1337 3179 1419 3239 ad
1457 3198 1670 3240 senem
1708 3197 1900 3240 senex
1936 3179 2013 3239 de
2052 3185 2393 3256 senectute,

481 3277 571 3340 sic
608 3278 726 3338 hoc
763 3278 924 3338 libro
965 3278 1046 3337 ad
1063 3286 1068 3291 “
1088 3276 1357 3337 amicum
1399 3275 1818 3337 amicissimus
1860 3276 2085 3355 scripsi
2126 3276 2205 3336 de
2247 3276 2396 3337 ami-

480 3374 649 3435 citia.
762 3376 924 3434 Tum
979 3378 1077 3436 est
1131 3374 1287 3435 Cato
1339 3372 1608 3449 locutus,
1654 3391 1779 3452 quo
1833 3378 1970 3434 erat
2022 3391 2205 3433 nemo
2259 3373 2394 3433 fere

481 3470 689 3534 senior
728 3470 1115 3550 temporibus
1159 3469 1309 3547 illis,
1352 3487 1536 3530 nemo
1577 3469 1978 3549 prudentior3
2035 3488 2201 3530 nunc
2244 3470 2395 3529 Lae-

480 3568 607 3631 lius
655 3573 720 3629 et
772 3567 1022 3646 sapiens
1074 3565 1193 3645 (sic
1247 3566 1417 3628 enim
1473 3572 1570 3629 est
1623 3567 1905 3649 habitus)
1957 3571 2024 3628 et
2077 3565 2394 3628 amicitiae
