2838 4130
1130 379 1478 428 onam-nas
1517 377 1753 428 vlt-nt.
2363 363 2450 431 13

439 548 616 609 cuius
653 568 796 609 cum
833 548 1112 609 moribus
1149 554 1215 610 et
1249 554 1480 609 natura
1510 566 1942 625 congruamus,
1971 550 2140 628 quod
2176 549 2244 609 in
2275 567 2349 610 eo

439 646 622 723 quasi
661 645 878 706 lumen
917 644 1175 723 aliquod
1213 644 1548 724 probitatis
1590 650 1656 705 et
1695 645 1952 707 virtutis
1995 646 2349 725 perspicere

436 742 782 803 videamur.
926 741 1024 803 28.
1081 741 1266 801 Nihil
1322 748 1422 802 est
1480 742 1649 802 enim
1702 743 1939 802 virtute
1996 742 2347 818 amabilius,

436 838 621 914 nihil,
649 838 818 917 quod
854 839 1056 916 magis
1093 838 1334 900 alliciat
1369 839 1452 899 ad
1489 839 1896 915 diligendum,
1930 839 2165 918 quippe
2206 858 2348 900 cum

440 941 695 1014 propter
721 936 1021 996 virtutem
1064 941 1130 995 et
1169 935 1547 1014 probitatem
1586 936 1776 997 etiam
1820 954 1944 1010 eos,
1978 955 2136 1015 quos
2176 955 2351 997 num-
2417 949 2449 997 u

440 1050 630 1110 quam
678 1032 971 1109 vidimus,
1017 1032 1286 1111 quodam
1335 1032 1521 1093 modo
1568 1032 1922 1110 diligamus.
2029 1033 2183 1105 Quis
2233 1040 2347 1109 est,

440 1129 551 1206 qui
593 1128 658 1189 C.
699 1129 965 1205 Fabrici,
1007 1129 1116 1189 Μ’.
1157 1129 1308 1191 Curi
1347 1148 1475 1189 non
1516 1147 1658 1189 cum
1698 1129 1960 1190 caritate
2000 1129 2211 1209 aliqua
2252 1131 2351 1192 be-

441 1225 667 1285 nevola
718 1226 1081 1286 memoriam
1135 1231 1415 1304 usurpet,
1462 1245 1618 1304 quos
1674 1245 2014 1304 numquam
2064 1227 2298 1288 viderit
2316 1228 2349 1287 Τ

441 1321 584 1400 quis
632 1328 844 1382 autem
890 1328 1006 1397 est,
1050 1322 1160 1401 qui
1204 1322 1616 1400 Tarquinium
1667 1322 2035 1401 Superbum,
2081 1322 2191 1401 qui
2241 1324 2345 1402 Sp.

442 1418 749 1494 Cassium,
813 1418 915 1497 Sp.
973 1418 1277 1478 Maelium
1337 1438 1465 1479 non
1525 1420 1729 1479 oderit
1748 1422 1780 1479 ⁰?
1890 1422 2047 1481 Cum
2108 1420 2350 1481 duobus
2392 1432 2452 1481 10

442 1514 706 1575 ducibus
744 1515 822 1575 de
863 1515 1130 1593 imperio
1171 1515 1239 1574 in
1279 1515 1475 1575 Italia
1515 1520 1614 1577 est
1654 1517 2058 1591 decertatum,
2101 1517 2351 1596 Pyrrho

442 1616 508 1671 et
544 1612 939 1688 Hannibale3
985 1612 1065 1672 ab
1102 1612 1302 1673 altero
1338 1617 1595 1691 propter
1628 1612 2005 1690 probitatem
2046 1613 2181 1674 eius
2221 1631 2352 1673 non

441 1707 632 1769 nimis
674 1707 913 1769 alienos
955 1709 1196 1769 animos
1244 1708 1565 1784 habemus,
1608 1709 1874 1769 alterum
1923 1715 2182 1788 propter
2220 1728 2353 1770 cru-

443 1805 769 1865 delitatem
796 1824 1045 1883 semper
1068 1804 1224 1866 haec
1253 1805 1478 1866 civitas
1506 1806 1724 1866 oderit.

522 1902 639 1961 IX.
709 1900 806 1963 29.
863 1902 1044 1973 Quod
1073 1902 1130 1963 si
1157 1907 1338 1963 tanta
1356 1902 1455 1963 vis
1485 1901 1820 1980 probitatis
1848 1907 1964 1978 est,
1986 1907 2060 1962 ut
2086 1920 2225 1963 eam
2248 1903 2352 1964 vel
2394 1918 2451 1965 15

440 1998 512 2058 in
552 1998 663 2074 eis,
702 2016 858 2077 quos
899 2017 1238 2077 numquam
1284 1998 1577 2074 vidimus,
1617 1998 1737 2075 vel,
1781 1998 1952 2077 quod
1991 1999 2191 2061 maius
2234 2005 2349 2077 est,

440 2095 511 2154 in
551 2094 733 2157 hoste
775 2097 968 2157 etiam
1016 2096 1372 2172 diligamus,
1416 2097 1572 2174 quid
1618 2096 1848 2156 mirum
1892 2102 2007 2172 est,
2051 2097 2108 2158 si
2155 2097 2351 2158 animi

440 2193 767 2254 hominum
799 2200 1186 2270 moveantur,
1215 2212 1357 2253 cum
1391 2211 1623 2268 eorum,
1653 2193 2024 2271 quibuscum
2058 2213 2178 2255 usu
2212 2212 2354 2255 con-

439 2291 640 2351 iuncti
679 2309 816 2352 esse
851 2297 1132 2371 possunt,
1162 2290 1465 2350 virtutem
1506 2296 1572 2350 et
1611 2289 1957 2351 bonitatem
1999 2292 2351 2370 perspicere

441 2387 773 2448 videantur
793 2390 825 2448 ?
905 2388 1296 2466 Quamquam
1325 2385 1732 2447 confirmatur
1758 2405 1932 2447 amor
1958 2392 2023 2446 et
2049 2387 2352 2448 beneficio
2392 2403 2454 2449 20

441 2490 696 2562 accepto
729 2489 796 2545 ot
829 2484 1040 2545 studio
1075 2489 1405 2563 perspecto
1443 2488 1509 2543 et
1545 2483 1995 2545 consuetudine
2034 2484 2350 2559 adiuncta,

442 2580 671 2658 quibus
699 2580 884 2642 rebus
912 2582 994 2642 ad
1021 2580 1206 2641 illum
1233 2580 1506 2658 primum
1538 2584 1778 2639 motum
1806 2579 2001 2640 animi
2030 2585 2094 2639 et
2121 2580 2350 2641 amoris

443 2677 744 2738 adhibitis
767 2677 1158 2738 admirabilis
1179 2677 1488 2755 quaedam
1509 2676 1861 2737 exardescit
1881 2675 2351 2737 benevolentiae

443 2774 823 2851 magnitud&
894 2776 1096 2847 Quam
1125 2774 1179 2836 si
1209 2773 1319 2852 qui
1347 2778 1576 2852 putant
1604 2773 1682 2834 ab
1708 2772 2144 2833 imbecillitate
2173 2772 2354 2851 profi-

442 2870 611 2946 cisci,
633 2876 706 2932 ut
734 2871 837 2947 sit,
861 2890 973 2950 per
1000 2890 1185 2950 quem
1215 2875 1603 2948 assequatur,
1627 2870 1795 2949 quod
1821 2869 2088 2948 quisque
2118 2869 2356 2930 deside-
2394 2885 2454 2932 25

442 2971 556 3042 ret,
583 2955 887 3028 humilem
917 2986 1066 3029 sane
1094 2967 1463 3046 relinquunt
1490 2973 1556 3027 et
1582 2966 1840 3026 minime
1869 2984 2255 3043 generosum,
2280 2973 2354 3028 ut

442 3065 535 3126 ita
571 3066 794 3141 dicam,
827 3071 1033 3126 ortum
1071 3064 1403 3139 amicitiae,
1440 3082 1629 3141 quam
1666 3081 1745 3123 ex
1782 3062 1999 3141 inopia
2033 3069 2223 3141 atque
2264 3064 2356 3123 in-

442 3162 727 3239 digentia
756 3167 969 3223 natam
999 3161 1239 3244 volunt.
1323 3160 1507 3232 Quod
1543 3160 1601 3222 si
1636 3159 1732 3220 ita
1766 3164 1951 3235 esset,
1979 3165 2055 3220 ut
2087 3160 2353 3239 quisque

443 3258 773 3320 minimum
827 3277 963 3321 esse
1012 3258 1080 3318 in
1128 3276 1195 3318 se
1250 3257 1679 3332 arbitraretur,
1728 3256 1823 3317 ita
1875 3256 1956 3317 ad
2009 3257 2353 3319 amicitiam

443 3362 608 3418 esset
663 3355 1063 3435 aptissimus3
1135 3354 1305 3433 quod
1358 3354 1544 3431 longe
1601 3372 1777 3414 secus
1834 3359 1946 3414 est.
2102 3353 2198 3415 30.
2258 3357 2355 3418 Ut
2397 3371 2454 3419 3⁰

443 3453 611 3513 enim
658 3453 925 3531 quisque
975 3451 1099 3513 sibi
1145 3451 1488 3530 plurimum
1536 3450 1812 3526 confidit,
1857 3455 1922 3513 et
1968 3455 2042 3511 ut
2088 3451 2356 3531 quisque

441 3549 713 3610 maxime
745 3550 984 3609 virtute
1022 3554 1088 3609 et
1125 3548 1443 3628 sapientia
1478 3547 1569 3609 sic
1606 3546 1886 3608 munitus
1924 3551 2041 3626 est,
2068 3553 2145 3609 ut
2177 3548 2356 3609 nullo
