2838 4130
1069 308 1669 369 mmmmm

361 482 671 544 senectuti
716 481 1153 561 relinquimus,
1201 488 1277 543 ut
1324 482 1762 544 adulescentes
1816 481 2053 557 doceat,
2104 480 2282 543 insti·

359 585 517 655 tuat,
574 579 656 640 ad
709 598 893 639 omne
947 578 1107 639 offici
1163 598 1392 640 munus
1448 579 1724 640 instruat
1743 580 1776 639 ⁶?
1846 597 1972 657 quo
2024 578 2281 658 quidem

359 694 546 755 opere
580 676 739 754 quid
763 681 976 754 potest
1016 694 1152 737 esse
1180 675 1565 755 praeclarius
1586 678 1619 736 ¹?
1701 675 1869 736 Mihi
1896 694 2044 736 vero
2070 681 2137 736 et
2164 676 2278 738 Cn.

359 779 426 833 et
456 774 529 833 P.
572 773 898 850 Scipiones
932 778 998 833 et
1035 772 1139 833 avi
1166 772 1263 834 tui
1293 773 1437 849 duo,
1467 773 1539 832 L.
1571 772 1886 833 Aemilius
1915 778 1982 833 et
2006 773 2079 833 P.
2110 772 2284 832 Afri·

360 888 573 946 canus,
612 870 918 930 comitatu
957 869 1265 930 nobilium
1305 870 1606 930 iuvenum
1644 869 1955 930 fortunati
1988 869 2282 930 videban-

360 972 483 1041 tur,
539 984 653 1026 nec
712 966 833 1026 ulli
894 966 1199 1027 bonarum
1257 965 1491 1027 artium
1559 967 1850 1043 magistri
1917 984 2046 1026 non
2111 966 2281 1026 beati

359 1062 648 1141 putandi,
684 1062 978 1142 quamvis
1016 1063 1459 1124 consenuerint
1490 1062 1657 1124 vires
1691 1067 1881 1141 atque
1913 1062 2277 1124 defecerint.

361 1158 508 1220 Etsi
541 1160 670 1220 ista
704 1160 848 1238 ipsa
878 1158 1153 1221 defectio
1184 1159 1418 1220 virium
1454 1159 1918 1221 adulescentiae
1951 1159 2129 1222 vitiis
2160 1160 2283 1220 effi·

363 1256 527 1316 citur
558 1256 812 1335 saepius
843 1274 1033 1335 quam
1072 1257 1452 1333 senectutis3
1503 1256 1844 1318 libidinosa
1881 1257 2051 1317 enim
2084 1263 2151 1318 et
2192 1257 2285 1318 in·

362 1359 721 1432 temperans
742 1353 1174 1415 adulescentia
1199 1353 1460 1415 effetum
1482 1372 1710 1432 corpus
1732 1354 1932 1415 tradit
1952 1354 2279 1415 senectuti.

363 1449 462 1513 30.
531 1450 736 1530 Cyrus
791 1449 1049 1528 quidem
1103 1451 1272 1529 apud
1318 1450 1807 1529 Xenophontem
1857 1469 1930 1512 eo
1979 1469 2281 1527 sermone,

365 1565 549 1626 quem
576 1546 851 1608 moriens
877 1547 1119 1624 habuit,
1141 1566 1282 1608 cum
1312 1548 1650 1608 admodum
1673 1566 1865 1608 senex
1887 1554 2070 1625 esset,
2093 1555 2284 1626 negat

366 1662 433 1704 se
477 1662 777 1723 umquam
826 1644 1099 1705 sensisse
1147 1650 1535 1705 senectutem
1583 1663 1761 1706 suam
1809 1644 2282 1706 imbecilliorem

364 1740 617 1817 factam,
647 1759 839 1820 quam
871 1741 1302 1803 adulescentia
1333 1741 1579 1802 fuisset.
1665 1742 1801 1817 Ego
1832 1742 1904 1801 L.
1949 1741 2282 1801 Metellum

365 1837 623 1898 memini
653 1856 826 1916 puer,
865 1838 977 1916 qui
1017 1857 1160 1898 cum
1202 1838 1616 1917 quadriennio
1655 1844 1801 1916 post
1838 1837 2108 1898 alterum
2145 1857 2284 1898 con-

366 1934 642 1995 sulatum
670 1935 964 2013 pontifex
991 1935 1304 1996 maximus
1327 1936 1552 1995 factus·
1567 1941 1751 2009 esset,
1772 1934 2005 2011 viginti
2033 1940 2100 1995 et
2126 1935 2282 1997 duos

365 2049 563 2094 annos
610 2032 671 2092 ei
727 2032 1077 2094 sacerdotio
1130 2032 1429 2111 praefuit,
1480 2031 1573 2093 ita
1619 2031 1800 2094 bonis
1856 2049 1993 2094 esse
2044 2032 2283 2094 viribus

366 2135 647 2190 extremo
679 2135 961 2208 tempore
995 2129 1242 2206 aetatis,
1279 2135 1354 2190 ut
1386 2129 1880 2190 adulescentiam
1915 2148 2043 2190 non
2084 2131 2285 2210 requi·

364 2232 546 2286 reret.
657 2226 844 2287 Nihil
898 2245 1154 2288 necesse
1209 2232 1307 2288 est
1358 2226 1521 2286 mihi
1575 2227 1654 2287 de
1710 2245 1809 2287 me
1862 2226 2003 2306 ipso
2057 2227 2281 2305 dicere,

365 2341 747 2402 quamquam
803 2329 901 2385 est
954 2324 1023 2384 id
1075 2323 1332 2403 quidem
1389 2323 1589 2385 senile
1651 2324 1968 2402 aetatique
2034 2331 2282 2388 nostrae

364 2420 746 2480 conceditur.

443 2517 524 2576 X.
603 2515 701 2577 31.
757 2517 1106 2591 Videtisne,
1164 2523 1238 2578 ut
1291 2517 1461 2595 apud
1513 2517 1863 2578 Homerum
1918 2518 2284 2596 saepissime

362 2613 600 2674 Nestor
647 2613 727 2673 de
775 2613 1118 2674 virtutibus
1167 2613 1298 2674 suis
1345 2613 1667 2693 praedicet
1686 2616 1719 2674 ⁶?
1820 2615 2101 2675 Tertiam
2156 2615 2283 2676 iam

363 2710 537 2770 enim
590 2715 863 2770 aetatem
909 2710 1237 2770 hominum
1290 2710 1568 2786 videbat,
1615 2728 1733 2771 nec
1781 2717 1917 2771 erat
1964 2711 2024 2771 ei
2071 2729 2287 2771 veren-

364 2806 534 2882 dum,
581 2824 662 2866 ne
709 2825 860 2867 vera
904 2806 1272 2885 praedicans
1321 2807 1401 2867 de
1451 2825 1518 2868 se
1566 2807 1757 2867 nimis
1804 2808 2126 2869 videretur
2172 2813 2285 2869 aut

364 2902 644 2964 insoleus
694 2909 806 2963 aut
847 2902 1096 2981 loquax.
1207 2902 1483 2978 Etenim,
1530 2909 1604 2964 ut
1650 2904 1743 2964 ait
1796 2905 2133 2981 Homerus,
2179 2909 2196 2941 ‘
2212 2925 2286 2965 ex

364 3003 495 3060 cius
531 3003 744 3078 linqua
774 3002 947 3060 melle
983 3003 1217 3060 dulcior
1241 3003 1480 3078 fluebat
1521 3001 1754 3076 orati0,'
1795 3020 1984 3079 quam
2026 3002 2108 3062 ad
2149 3020 2286 3063 sua-

363 3096 629 3157 vitatem
655 3096 854 3156 nullis
883 3097 1106 3173 egebat
1133 3097 1410 3175 corporis
1439 3097 1698 3159 viribus.
1783 3098 1872 3158 Et
1902 3104 2117 3159 tamen
2152 3100 2284 3159 dux

363 3192 477 3253 ille
516 3193 816 3255 Graeciae
846 3212 1157 3272 nusquam
1188 3197 1385 3272 optat,
1415 3198 1488 3254 ut
1520 3193 1738 3255 Aiacis
1777 3194 2019 3256 similes
2051 3195 2284 3257 habeat

364 3289 596 3366 decem,
642 3290 771 3351 sede
801 3295 874 3350 ut
919 3290 1247 3367 Nestoris3
1305 3291 1475 3370 quod
1521 3291 1576 3352 si
1625 3291 1747 3352 sibi
1795 3292 2112 3370 acciderit,
2156 3312 2284 3354 non

363 3387 634 3463 dubitat,
691 3386 848 3466 quin
907 3387 1085 3448 brevi
1144 3387 1231 3447 sit
1289 3387 1482 3447 Troia
1538 3387 1835 3466 peritura.
1987 3389 2084 3452 32.
2157 3390 2282 3452 Sed

363 3484 549 3545 redeo
586 3484 668 3545 ad
704 3502 823 3544 me.
907 3483 1214 3554 Quartum
1256 3502 1371 3561 ago
1412 3503 1647 3545 annum
1690 3490 1757 3545 et
1797 3487 2279 3566 octogesimum3

2295 296 2379 364 13

2329 1366 2386 1414 1⁰

2327 3311 2386 3358 30
