2838 4130
493 295 580 364 36

489 1365 550 1413 10

1003 307 1180 358 OA‘ro
1219 308 1440 358 MAIOR
1477 309 1570 357 DE
1608 309 2008 359 SENEOTUTE

597 481 1042 545 Commorandi
1099 481 1271 543 enim
1337 487 1569 542 natura
1627 481 2058 543 devorsorium
2125 480 2328 560 nobis,
2389 501 2518 545 non

595 578 926 640 habitandi
977 578 1169 639 dedit.
1256 578 1310 641 Ο
1359 579 1751 658 praeclarum
1800 579 1988 656 diem,
2037 597 2183 640 cum
2229 579 2299 639 in
2352 579 2519 639 illud

585 675 887 736 divinum
940 676 1293 737 animorum
1341 675 1681 737 concilim
1729 682 2100 754 coetumque
2155 675 2518 755 proficiscar

594 790 862 852 cumque
903 792 983 834 ex
1022 774 1142 835 hac
1184 774 1372 835 turba
1411 779 1479 834 et
1517 773 1872 835 colluvione
1915 773 2271 836 discedam!
2367 775 2519 835 Pro-

594 869 840 932 ficiscar
871 870 1038 931 enim
1081 890 1210 931 non
1252 871 1334 932 ad
1374 888 1480 931 eos
1524 871 1728 932 solum
1755 871 1944 947 viros,
1975 870 2055 930 de
2098 871 2327 949 quibus
2368 876 2517 932 ante

596 967 751 1043 dixi,
791 986 1014 1028 verum
1054 967 1249 1028 etiam
1290 967 1373 1028 ad
1414 968 1716 1030 Catonem
1757 986 1986 1043 meum,
2030 986 2155 1045 quo
2195 985 2381 1027 nemo
2418 967 2517 1028 vir

594 1063 817 1125 melior
857 1069 1044 1126 natus
1087 1070 1202 1141 est,
1237 1082 1421 1124 nemo
1462 1064 1700 1143 pietate
1741 1064 2200 1142 praestantior;
2257 1064 2436 1126 cuius
2479 1082 2519 1125 a

594 1178 696 1221 me
742 1179 966 1240 corpus
1009 1166 1108 1222 est
1147 1166 1511 1237 crematum,
1548 1161 1717 1239 quod
1756 1166 1978 1222 contra
2017 1161 2230 1221 decuit
2273 1161 2354 1222 ab
2402 1160 2517 1222 illo

593 1276 824 1334 meum,
861 1258 1110 1319 animus
1151 1276 1302 1318 vero
1341 1276 1474 1317 non
1512 1276 1613 1318 me
1657 1258 1970 1333 deserens,
2000 1257 2113 1319 sed
2153 1263 2514 1337 respectans

594 1354 664 1414 in
711 1373 787 1416 ea
833 1354 1119 1434 profecto
1167 1354 1304 1416 loca
1344 1353 1657 1430 discessit,
1688 1373 1815 1432 quo
1851 1354 2014 1414 mihi
2053 1354 2180 1434 ipsi
2220 1355 2515 1416 cernebat

593 1468 732 1513 esse
784 1451 1184 1512 veniendum.
1294 1450 1495 1523 Quem
1550 1469 1666 1528 ego
1719 1469 1930 1512 meum
1992 1469 2206 1513 casum
2258 1451 2514 1512 fortiter

594 1547 759 1609 ferre
786 1548 962 1609 visus
998 1567 1156 1625 sum,
1186 1566 1314 1608 non
1347 1566 1473 1627 quo
1507 1566 1704 1628 aequo
1734 1549 1945 1609 animo
1982 1548 2232 1625 ferrem,
2264 1547 2377 1609 sed
2412 1565 2513 1608 me

592 1644 731 1724 ipse
778 1645 1146 1706 consolabar
1174 1645 1549 1707 existimans
1590 1664 1721 1705 non
1753 1645 2169 1725 longinquum
2203 1645 2371 1705 inter
2396 1664 2512 1706 nos

594 1741 946 1819 digressum
990 1747 1057 1803 et
1105 1742 1453 1804 discessum
1495 1742 1649 1803 fore.
1774 1741 1878 1805 85.
1924 1742 2051 1803 His
2101 1741 2261 1802 mihi
2307 1742 2511 1818 rebus,

596 1839 822 1918 Scipio,
849 1838 946 1919 (id
975 1838 1144 1899 enim
1168 1844 1236 1900 te
1264 1857 1402 1900 cum
1437 1839 1657 1900 Laelio
1694 1839 1995 1900 admirari
2027 1839 2226 1901 solere
2260 1839 2510 1921 dixisti)

592 1936 753 1998 levis
795 1942 894 1997 est
936 1942 1243 2012 senectus,
1273 1954 1389 1996 nec
1433 1935 1637 1997 solum
1679 1955 1807 1997 non
1847 1936 2132 2010 molesta,
2169 1936 2282 1996 sed
2319 1936 2512 1996 etiam

593 2032 882 2095 iucunda.
967 2032 1204 2105 Quodsi
1247 2032 1317 2093 in
1363 2033 1483 2094 hoc
1532 2051 1688 2111 erro,
1733 2033 1846 2112 qui
1892 2033 2136 2095 animos
2183 2032 2512 2094 hominum

593 2130 977 2192 immortales
1019 2149 1156 2191 esse
1198 2131 1467 2207 credam,
1497 2131 1770 2192 libenter
1811 2148 1949 2191 erro
1984 2149 2102 2192 nec
2141 2130 2301 2191 mihi
2342 2131 2510 2192 hunc

593 2245 885 2305 errorem,
915 2246 1040 2306 quo
1067 2226 1359 2304 delector,
1399 2227 1551 2288 dum
1584 2229 1751 2304 vivo,
1794 2227 2154 2308 extorqueri
2180 2228 2358 2304 volo;
2409 2228 2511 2289 sin

595 2330 894 2400 mortuus,
935 2329 1011 2384 ut
1051 2323 1311 2402 quidam
1347 2324 1582 2385 minuti
1618 2324 1986 2404 philosophi
2029 2330 2306 2401 censent,
2344 2324 2511 2385 nihil

596 2420 882 2497 sentiam
931 2439 1059 2480 non
1106 2438 1343 2497 vereor,
1386 2439 1466 2481 ne
1516 2421 1684 2482 hunc
1733 2440 2004 2482 errorem
2053 2439 2262 2482 meum
2309 2421 2512 2500 philo-

595 2517 781 2596 sophi
805 2516 1040 2578 mortui
1065 2517 1389 2579 irrideant.
1461 2518 1699 2589 Quodsi
1720 2537 1848 2579 non
1876 2538 2092 2580 sumus
2121 2518 2510 2581 immortales

593 2614 817 2692 futuri,
861 2620 1075 2675 tamen
1111 2613 1435 2692 exstingui
1475 2615 1719 2675 homini
1758 2634 1870 2676 suo
1906 2621 2189 2694 tempore
2230 2615 2510 2694 optabile

593 2717 707 2773 est.
784 2712 953 2772 Nam
979 2711 1173 2773 habet
1198 2717 1429 2773 natura
1453 2716 1527 2771 ut
1555 2711 1821 2773 aliarum
1850 2712 2131 2773 omnium
2158 2731 2387 2788 rerum,
2418 2713 2510 2774 sic

592 2807 852 2869 vivendi
897 2809 1169 2870 modum.
1258 2810 1561 2871 Senectus
1595 2814 1808 2870 autem
1838 2808 2065 2871 aetatis
2094 2814 2193 2871 est
2228 2809 2511 2888 peractio

592 2910 916 2984 tamquam
956 2905 1230 2982 fabulae,
1273 2906 1454 2967 cuius
1496 2905 2019 2982 defatigationem
2060 2906 2280 2984 fugere
2329 2906 2510 2968 debe—

592 3020 753 3078 mus,
781 3003 1152 3080 praesertim
1180 3003 1482 3064 adiuncta
1508 3002 1820 3064 satietate.

671 3100 851 3160 Haec
889 3098 1102 3175 habui,
1146 3099 1223 3160 de
1265 3104 1590 3161 senectute
1633 3117 1793 3179 quae
1834 3099 2136 3176 dicerem;
2194 3099 2276 3160 ad
2316 3119 2506 3179 quam

592 3194 835 3256 utinam
879 3195 1299 3274 perveniatis!
1355 3201 1431 3256 ut
1477 3213 1571 3274 ea,
1621 3213 1784 3276 quae
1830 3214 1910 3256 ex
1957 3213 2059 3256 me
2106 3196 2395 3274 audistis,
2436 3215 2507 3258 re

591 3290 837 3371 experti
877 3292 1139 3370 probare
1179 3292 1455 3371 possitis.
