2838 4130
1132 334 1485 385 cnmnss
1524 333 1712 385 ιιι-ν.
2390 314 2435 388 ‘t

418 504 519 567 15.
573 504 775 577 Quam
816 504 898 566 ob
944 522 1075 565 rem
1123 523 1268 565 cum
1314 503 1429 565 illo
1483 503 1756 582 quidem,
1800 508 1876 564 ut
1929 520 2122 582 supra
2173 498 2330 577 dixi,

417 607 627 662 actum
667 601 905 681 optime
946 607 1063 678 est,
1098 619 1343 662 mecum
1383 600 1857 678 incommodius,
1892 618 2080 678 quem
2120 599 2334 659 fuerat

415 698 699 776 aequius,
736 704 811 759 ut
850 698 1027 777 prius
1068 697 1453 774 introieram,
1493 697 1584 759 sic
1625 696 1802 777 prius
1843 697 2016 757 exire
2057 696 2136 757 de
2174 695 2327 756 vita.

418 794 544 855 Sed
568 799 784 856 tamen
809 795 1239 856 recordatione
1271 800 1524 856 nostrae
1558 793 1875 856 amicitiae
1908 794 2000 855 sic
2033 793 2227 869 fruor,
2256 797 2331 853 ut

414 891 599 953 beate
632 891 871 953 vixisse
903 892 1139 967 videar,
1170 892 1322 970 quia
1357 910 1501 952 cum
1541 891 1834 970 Scipione
1867 890 2155 967 vixerim,
2184 909 2331 969 quo-
2397 902 2429 950 u

415 1006 557 1048 cum
590 988 750 1049 mihi
783 990 1117 1050 coniuncta
1148 1007 1298 1049 cura
1332 988 1412 1049 de
1449 988 1705 1067 publica
1742 1006 1810 1048 re
1851 993 1918 1049 et
1958 986 2035 1047 de
2076 987 2330 1066 privata

413 1084 563 1162 fuit,
592 1104 859 1165 quocum
887 1091 953 1146 et
979 1086 1200 1147 domus
1236 1085 1365 1145 fuit
1396 1091 1463 1145 et
1493 1085 1730 1145 militia
1760 1084 2107 1146 communis
2146 1088 2229 1159 et,
2258 1083 2328 1143 id

414 1180 485 1242 in
514 1201 637 1260 quo
665 1188 762 1244 est
789 1182 993 1243 omnis
1022 1183 1122 1243 vis
1151 1182 1486 1258 amicitiae,
1507 1182 1926 1257 voluntatum,
1957 1181 2325 1256 studiorum,

412 1279 870 1340 sententiarum
905 1298 1150 1340 summa
1180 1279 1524 1340 consensio.
1608 1278 1836 1356 Itaque
1870 1296 1997 1337 non
2031 1282 2164 1338 tam
2202 1278 2330 1339 ista

414 1393 516 1435 me
565 1376 932 1455 sapientiae,
982 1394 1173 1454 quam
1226 1376 1413 1436 modo
1460 1375 1744 1436 Fannius
1797 1374 2325 1451 commemoravit,
2368 1386 2429 1435 10

413 1472 591 1533 fama
625 1472 916 1549 delectat,
945 1472 1115 1535 falsa
1150 1471 1538 1551 praesertim,
1574 1491 1765 1551 quam
1801 1472 1971 1550 quod
2010 1471 2326 1533 amicitiae

414 1575 664 1630 nostrae
705 1569 1070 1630 memoriam
1111 1588 1293 1648 spero
1335 1569 1783 1648 sempiternam
1821 1570 1978 1644 fore,
2020 1568 2210 1646 idque
2253 1586 2327 1629 eo

415 1665 575 1726 mihi
615 1667 818 1743 magis
860 1671 961 1727 est
1001 1667 1193 1741 cordi,
1236 1667 1407 1745 quod
1450 1685 1530 1727 ex
1573 1667 1862 1727 omnibus
1907 1665 2173 1726 saeculis
2213 1665 2326 1725 vix

411 1762 541 1823 tria
566 1768 679 1823 aut
710 1768 1007 1841 quattuor
1033 1763 1440 1823 nominantur
1467 1763 1647 1841 paria
1677 1762 2053 1838 amicorum3
2096 1780 2222 1840 quo
2255 1761 2326 1821 in

415 1877 641 1935 genere
689 1878 940 1938 sperare
988 1860 1205 1919 videor
1255 1859 1569 1938 Scipionis
1625 1865 1691 1920 et
1746 1859 1926 1920 Laeli
1979 1858 2325 1920 amicitiam
2367 1872 2425 1919 15

414 1961 630 2017 notam
669 1956 1029 2034 posteritati
1069 1956 1223 2017 fore.

496 2052 590 2115 16.
648 2054 948 2114 Fannius.
1007 2052 1184 2114 Istuc
1225 2052 1500 2132 quidem,
1541 2052 1739 2129 Laeli,
1779 2051 1872 2115 ita
1910 2070 2162 2114 necesse
2207 2057 2320 2114 est.

415 2149 541 2210 Sed
588 2150 885 2228 quoniam
932 2150 1248 2211 amicitiae
1296 2150 1680 2211 mentionem
1734 2150 1948 2211 fecisti
1995 2155 2061 2210 et
2109 2169 2323 2210 sumus

412 2245 619 2324 otiosi,
659 2253 1020 2325 pergratum
1063 2247 1221 2306 mihi
1262 2248 1510 2324 feceris,
1551 2265 1732 2325 spero
1773 2247 1927 2308 item
1972 2247 2322 2323 Scaevolae,

414 2343 488 2420 si,
518 2361 706 2422 quem
743 2344 825 2404 ad
860 2343 1113 2404 modum
1152 2343 1315 2406 soles
1354 2344 1432 2404 de
1468 2344 1695 2405 ceteris
1733 2344 1935 2419 rebus,
1966 2362 2107 2403 cum
2145 2361 2222 2403 ex
2260 2349 2324 2403 te
2365 2357 2427 2404 20

412 2445 816 2518 quaenmtur,
863 2440 952 2501 sic
1001 2440 1080 2501 de
1129 2440 1411 2501 amicitia
1457 2441 1803 2519 disputaris
1857 2440 2013 2519 quid
2068 2439 2322 2516 sentias,

412 2536 665 2614 qualem
705 2537 1048 2612 existimes,
1088 2555 1248 2615 quae
1290 2543 1626 2615 praecepta
1666 2537 1794 2598 des.

492 2633 801 2694 Scaevola.
860 2633 1028 2693 Mihi
1070 2652 1217 2694 vero
1259 2634 1383 2694 erit
1427 2639 1709 2711 gratum3
1766 2636 1958 2712 atque
2001 2632 2071 2693 id
2113 2632 2323 2712 ipsum

411 2747 556 2789 cum
585 2735 794 2790 tecum
830 2749 1012 2806 agere
1049 2749 1324 2807 conarer,
1358 2731 1640 2792 Fannius
1678 2731 2039 2791 antevortit.
2121 2730 2323 2801 Quam
2447 2742 2452 2751 ’

411 2826 492 2887 ob
518 2845 651 2886 rem
677 2827 930 2906 utrique
958 2832 1241 2888 nostrum
1270 2834 1518 2904 gratum
1548 2828 1885 2888 admodum
1912 2827 2155 2888 feceris.
2364 2842 2424 2889 25

490 2924 566 2985 V.
639 2922 736 2985 17.
797 2926 1064 2984 Laelius.
1123 2925 1261 3000 Ego
1309 2942 1457 2984 vero
1512 2943 1638 2984 non
1693 2916 2003 3001 gravarer,
2054 2924 2110 2985 si
2164 2923 2323 2984 mihi
2441 2936 2452 2953 ’

410 3018 550 3098 ipse
588 3019 996 3097 confiderem3
1045 3039 1194 3081 nam
1233 3026 1299 3082 et
1339 3020 1662 3099 praeclara
1700 3039 1800 3081 res
1842 3026 1940 3082 est
1979 3026 2045 3081 et
2085 3040 2321 3097 sumne,

407 3121 483 3177 ut
511 3117 676 3177 dixit
702 3117 1002 3193 Fannius,
1033 3117 1237 3178 otiosi.
1323 3117 1450 3178 Sed
1476 3117 1618 3196 quis
1646 3136 1762 3194 ,ego
1790 3137 1926 3179 sum
1950 3120 1983 3177 ⁴?
2025 3122 2136 3177 aut
2162 3136 2323 3196 quae

409 3218 508 3275 est
542 3214 611 3273 in
643 3232 743 3274 me
776 3214 1048 3275 facultas
1069 3216 1102 3274 ?
1145 3215 1470 3275 doctorum
1504 3219 1603 3275 est
1634 3213 1762 3275 ista
1796 3214 2198 3291 consuetudo,
2229 3233 2324 3275 ea-

406 3328 531 3389 que
553 3310 952 3386 Graecorum,
974 3317 1048 3371 ut
1076 3311 1167 3372 eis
1194 3317 1482 3390 ponatur,
1507 3312 1583 3371 de
1611 3329 1736 3389 quo
1762 3310 2091 3389 disputent
2112 3330 2324 3390 quam-
2363 3326 2419 3373 ³⁰

406 3408 506 3468 vis
530 3408 772 3484 subit03
808 3426 1104 3484 magnum
1125 3426 1281 3486 opus
1303 3414 1401 3470 est
1429 3414 1694 3486 egetque
1722 3408 2167 3469 exercitatione
2195 3427 2323 3469 non

407 3522 622 3586 parva.
707 3505 907 3576 Quam
936 3505 1015 3565 ob
1042 3523 1192 3581 rem,
1222 3524 1381 3584 quae
1412 3504 1727 3583 disputari
1761 3505 1838 3564 de
1872 3504 2154 3566 amicitia
2187 3524 2322 3584 pos-
