2838 4130
1051 340 1605 403 <impransum
2310 336 2352 402 3

313 516 647 601 piscantur
693 533 910 577 omnes
960 520 1200 594 optant,
1250 516 1514 577 eandem
1561 522 1861 579 accusant
1906 516 2238 596 adeptam3

315 620 502 674 tanta
561 617 663 673 est
722 611 1036 673 stultitiae
1097 612 1526 675 inconstantia
1584 619 1775 693 atque
1836 613 2235 693 perversitas,

319 710 637 788 Obrepere
673 708 853 769 aiunt
886 726 1023 769 eam
1056 709 1264 786 citius,
1295 729 1486 790 quam
1521 715 1868 790 putassent.
1952 709 2238 772 Primum

317 806 462 885 quis
500 805 706 882 coegit
739 824 846 866 eos
884 804 1120 867 falsum
1160 813 1385 885 putare
1405 809 1439 867 ?
1497 807 1608 886 qui
1648 807 1820 868 enim
1862 805 2051 867 citius
2092 806 2240 867 adu-

316 885 656 964 lescentiae
695 907 986 964 senectus
1023 921 1213 983 quam
1249 903 1560 983 pueritiae
1598 903 2031 965 adulescentia
2068 902 2240 965 obre-
2309 913 2343 962 u

319 1001 419 1080 pit
436 1002 470 1060 ⁶?
554 999 800 1060 Deinde
838 999 951 1079 qui
986 999 1196 1061 minus
1238 1001 1450 1078 gravis
1491 1007 1659 1063 esset
1700 1001 1793 1063 eis
1814 1006 2142 1078 senectus,
2178 1000 2236 1063 si

318 1096 914 1173 octingentesimum
969 1115 1205 1157 annum
1258 1104 1519 1175 agerent
1572 1117 1761 1177 quam
1823 1097 1880 1159 si
1941 1096 2239 1175 octogesi-

317 1213 491 1254 mum
512 1196 544 1254 ’.Ρ
613 1188 959 1272 praeterita
1017 1194 1187 1255 enim
1248 1201 1425 1256 aetas
1486 1195 1777 1274 quamvis
1836 1193 2028 1272 longa
2092 1213 2236 1255 cum

319 1290 684 1366 effluxisset,
723 1290 906 1350 nulla
940 1291 1365 1352 consolatione
1401 1291 1790 1371 permulcere
1831 1297 2045 1371 posset
2086 1291 2238 1353 stul·

317 1394 449 1447 tam
498 1378 904 1448 senectutem.
1036 1387 1093 1449 5.
1150 1389 1456 1460 Quocirca
1503 1388 1560 1450 si
1607 1388 1983 1468 sapientiam
2031 1406 2236 1449 meam
2282 1409 2343 1456 10

318 1483 616 1545 admirari
667 1484 887 1546 soletis
940 1483 1127 1564 (quae
1174 1485 1419 1546 utinam
1477 1486 1670 1563 digna
1720 1491 1889 1548 esset
1940 1485 2235 1565 opinione

316 1587 533 1642 vestra
556 1586 899 1660 nostroque
928 1582 1292 1659 cognomine
1310 1583 1375 1664 2),
1404 1583 1475 1643 in
1502 1582 1620 1644 hoc
1648 1601 1863 1644 sumus
1898 1582 2234 1662 sapientes,

316 1678 489 1757 quod
513 1683 806 1738 naturam
843 1679 1147 1757 optimam
1189 1679 1410 1740 ducem
1449 1685 1774 1759 tamquam
1810 1680 1998 1740 deum
2036 1678 2239 1758 sequi·

315 1793 459 1834 mur
497 1774 680 1854 eique
716 1792 1043 1853 paremus3
1087 1793 1127 1835 a
1169 1794 1296 1855 qua
1336 1794 1467 1836 non
1502 1776 1640 1837 veri
1684 1776 1892 1838 simile
1936 1781 2050 1851 est,
2093 1794 2237 1837 cum

316 1877 565 1932 ceterae
600 1878 813 1949 partes
851 1872 1081 1934 aetatis
1118 1872 1275 1933 bene
1314 1873 1657 1952 discriptae
1700 1873 1850 1949 sint,
1886 1877 2237 1933 extremum
2285 1891 2343 1937 15

317 1974 526 2028 actum
557 1974 882 2047 tamquam
915 1969 995 2029 ab
1027 1969 1220 2029 inerti
1252 1976 1443 2048 poeta
1478 1988 1615 2031 esse
1652 1968 2026 2047 neglectum.
2113 1969 2238 2030 Sed

316 2072 535 2126 tamen
560 2084 815 2127 necesse
843 2065 972 2126 fuit
998 2085 1134 2127 esse
1162 2065 1409 2146 aliquid
1437 2074 1786 2128 extremum
1816 2072 1883 2129 et
1913 2073 2236 2146 tamquam

316 2163 385 2224 in
419 2163 712 2223 arborum
745 2153 919 2224 bacis
953 2169 1283 2242 terraeque
1321 2163 1637 2226 fructibus
1679 2165 2045 2226 maturitate
2087 2170 2239 2225 tem-

315 2259 571 2339 pestiva
601 2260 784 2339 quasi
811 2253 1051 2321 v'ietum
1088 2266 1154 2321 et
1190 2260 1514 2338 caducum,
1551 2262 1722 2340 quod
1766 2262 2099 2323 ferendum
2139 2267 2239 2324 est

316 2356 597 2417 molliter
651 2357 941 2436 sapienti.
1052 2357 1219 2429 Quid
1272 2363 1371 2419 est
1425 2358 1597 2418 enim
1655 2357 1833 2419 aliud
1891 2358 2237 2436 Gigantum
2282 2375 2343 2423 20

314 2454 503 2515 modo
542 2453 779 2514 bellare
821 2472 963 2514 cum
1003 2454 1104 2516 dis
1145 2453 1275 2516 nisi
1314 2460 1579 2515 naturae
1621 2474 1969 2534 repugnare
1988 2458 2021 2517 ’.Ρ

397 2550 455 2612 6.
499 2552 772 2611 Laelius.
815 2549 1039 2629 Atqui,
1063 2551 1237 2627 Cato,
1261 2551 1691 2628 gratissimum
1719 2553 1920 2629 nobis,
1944 2557 2017 2614 ut
2045 2552 2237 2613 etiam

315 2666 431 2726 pro
451 2647 743 2727 Scipione
759 2646 1078 2727 pollicear,
1097 2647 1346 2736 feceris,
1372 2650 1447 2724 si,
1472 2648 1768 2728 quoniam
1792 2668 2139 2729 speramus,
2155 2683 2239 2696 —

321 2744 610 2805 volumus
652 2744 909 2823 quidem
952 2751 1138 2822 certe,
1155 2735 1237 2792 -ὲ
1254 2764 1436 2807 senes
1477 2746 1634 2821 fieri,
1677 2745 1879 2807 multo
1906 2752 2053 2807 ante
2095 2764 2135 2806 a
2171 2751 2237 2806 te

106 2840 744 2917 wdidicerimuffi
792 2842 1020 2921 quibus
1064 2841 1372 2903 facillime
1415 2842 1766 2904 rationibus
1810 2843 2241 2920 ingravescen·
2282 2857 2345 2905 25

316 2925 450 2997 tem
479 2939 750 2998 aetatem
779 2938 947 2999 ferre
975 2939 1308 3029 possimus.

406 3034 573 3096 Cato,
632 3035 886 3096 Faciam
913 3007 1307 3112 veroffflaeli,
1337 3035 1712 3114 praesertim
1742 3034 1798 3097 si
1823 3036 2076 3114 utrique
2103 3055 2238 3099 ves·

317 3137 507 3206 trum,
537 3137 611 3193 ut
637 3131 816 3208 dicis,
847 3137 1094 3208 gratum
1122 3132 1407 3193 futurum
1440 3138 1554 3194 est.

399 3229 668 3289 Laelius.
725 3228 1034 3291 Volumus
1092 3248 1259 3304 sane,
1309 3229 1439 3291 nisi
1494 3231 1829 3291 molestum
1887 3236 2001 3306 est,
2060 3231 2234 3308 Cato,

96 3331 299 3376 mu-
318 3331 653 3408 ΜΨ
669 3325 923 3403 longam
951 3325 1229 3404 aliquam
1251 3326 1423 3386 viam
1452 3327 1814 3401 confeceriS,
1839 3346 2027 3404 quam
2054 3326 2236 3388 nobis

320 3440 569 3499 quoque
600 3421 1081 3499 ingrediendum
1114 3422 1218 3498 sit,
1247 3421 1431 3499 istuc,
1460 3442 1585 3501 quo
1618 3422 1983 3501 pervenisti,
2021 3423 2236 3485 videre
2349 3415 2357 3424 ’
2419 3479 2440 3496 ,,
2491 3445 2504 3466 ’

236 3581 261 3615 a
322 3518 508 3595 quale
535 3517 638 3580 sit.

2393 3384 2444 3440 ξ]
2485 3425 2492 3434 1
2539 3405 2648 3438 421.

2555 3437 2636 3454 κυῶ
2686 3441 2752 3470 μῇἶ
